@inproceedings{hermit,
  author = {Shearer, Rob and Motik, Boris and Horrocks, Ian},
  booktitle = {OWLED},
  editor = {Dolbear, Catherine and Ruttenberg, Alan and Sattler, Ulrike},
  series = {CEUR Workshop Proceedings},
  title = {{HermiT: A Highly-Efficient OWL Reasoner}},
  volume = 432,
  year = 2008
}


@inproceedings{TsHo06a,
    author = {Tsarkov, Dmitry and Horrocks, Ian},
    booktitle = {Proceedings of the International Joint Confererence on Automated Reasoning (IJCAR\~{}2006)},
    pages = {292--297},
    series = {Lecture Notes in Artificial Intelligence},
    title = {{FaCT}++ Description Logic Reasoner: System Description},
    volume = {4130},
    year = {2006}
}


@article{bp_computing,
    author = {Wilson, Greg and Aruliah, D. A. and Brown, C. Titus and Chue Hong, Neil P. and Davis, Matt and Guy, Richard T. and Haddock, Steven H. D. and Huff, Kathryn D. and Mitchell, Ian M. and Plumbley, Mark D. and Waugh, Ben and White, Ethan P. and Wilson, Paul},
    journal = {PLoS Biol},
    number = {1},
    pages = {e1001745+},
    title = {Best Practices for Scientific Computing},
    volume = {12},
    year = {2014}
}

@article{taxa_ismb_2008,
	Author = {Schulz, Stefan and Stenzhorn, Holger and Boeker, Martin},
	Journal = {Bioinformatics},
	Month = {July},
	Number = {13},
	Pages = {i313-321},
	Title = {The ontology of biological taxa},
	Volume = {24},
	Year = {2008}
}

@article{bioportal,
    author = {Whetzel, Patricia L. and Noy, Natalya F. and Shah, Nigam H. and Alexander, Paul R. and Nyulas, Csongor and Tudorache, Tania and Musen, Mark A.},
    journal = {Nucleic acids research},
    number = {Web Server issue},
    pages = {W541--W545},
    title = {{BioPortal}: enhanced functionality via new Web Services from the National Center for Biomedical Ontology to access and use ontologies in software applications.},
    volume = {39},
    year = {2011}
}

@article{OPPL-Galaxy-JBMS,
    author = {Mikel {Ega\~na} Aranguren and Jesualdo Tom\'as Fern\'andez Breis and Erick Antezana and Chris Mungall and Alejandro Rodr\'iguez Gonz\'alez and Mark Wilkinson},
    journal = {Journal of Biomedical Semantics},
    number = {1},
    pages = {2+},
    title = {{OPPL-Galaxy}, a {Galaxy} tool for enhancing ontology exploitation as part of bioinformatics workflows},
    volume = {4},
    year = {2013}
}

@article{galaxy,
    author = {Goecks, Jeremy and Nekrutenko, Anton and Taylor, James and {Galaxy Team}},
    journal = {Genome biology},
    number = {8},
    pages = {R86+},
    title = {Galaxy: a comprehensive approach for supporting accessible, reproducible, and transparent computational research in the life sciences.},
    volume = {11},
    year = {2010}
}


@article{Montesinos,
author = {Montesinos, E},
journal = {International microbiology: the official journal of the Spanish Society for Microbiology},
number = {2},
pages = {69--70},
title = {{Pathogenic plant-microbe interactions. What we know and how we benefit}},
volume = {3},
year = {2000}
}


@article{DeWit,
author = {de Wit, P J G M},
journal = {Cellular and molecular life sciences: CMLS},
number = {21},
pages = {2726--32},
title = {{How plants recognize pathogens and defend themselves}},
volume = {64},
year = {2007}
}

@article{Smith,
author = {Barry Smith and Michael Ashburner and Cornelius Rosse and Jonathan Bard and William Bug et al.},
journal = {Nat Biotech},
number = {11},
pages = {1251--1255},
title = {{The OBO Foundry: coordinated evolution of ontologies to support biomedical data integration}},
volume = {25},
year = {2007}
}


@article{Gene,
author = {Gene Ontology Consortium},
journal = {Nucleic acids research},
number = {Database issue},
pages = {D331--5},
title = {{The Gene Ontology in 2010: extensions and refinements.}},
volume = {38},
year = {2010}
}

@article{RDF,
author = {FranÇois Belleau and Marc-Alexandre Nolin and Nicole Tourigny and Philippe Rigault and Jean Morissette},
journal = {Journal of Biomedical Informatics},
number = {5},
pages = {706--716},
title = {{Bio2RDF: Towards a mashup to build bioinformatics knowledge systems}},
volume = {41},
year = {2008}
}

@article{Walls,
author = {Walls, Ramona and Smith, Barry and Elser, Justin and Goldfain, Albert and Stevenson, Dennis W and Jaiswal, Pankaj},
journal= {In Ronald Cornet and Robert Stevens, editors, ICBO},
number = {},
pages = {1--5},
title = {{A plant disease extension of the Infectious Disease Ontology}},
volume={},
year = {2012}
}

@article{IDO,
author={Lindsay Grey  Cowell and Barry Smith},
journal={Infectious Disease Informatics},
title={Infectious Disease Ontology},
pages={373-395},
year={2010},
}

@article{Lindeberg,
author = {Lindeberg, Magdalen and Collmer, Alan},
journal = {Trends in microbiology},
number = {7},
pages = {304--11},
title = {{Gene Ontology for type III effectors: capturing processes at the host-pathogen interface.}},
volume = {17},
year = {2009}
}

﻿@article {PO,
author = {Jaiswal, Pankaj and Avraham, Shulamit and Ilic, Katica and Kellogg, Elizabeth A and McCouch, Susan and Pujar, Anuradha and Reiser, Leonore and Rhee, Seung Y and Sachs, Martin M. and Schaeffer, Mary and Stein, Lincoln and Stevens, Peter and Vincent, Leszek and Ware, Doreen and Zapata, Felipe},
title = {{Plant Ontology (PO): a controlled vocabulary of plant structures and growth stages}},
journal = {Comparative and Functional Genomics},
number = {7-8},
pages = {388--397},
volume = {6},
year = {2005},
}

﻿@article {PTO,
author = {Jaiswal, Pankaj and Ware, Doreen and Ni, Junjian and Chang, Kuan and Zhao, Wei and Schmidt, Steven and Pan, Xiaokang and Clark, Kenneth and Teytelman, Leonid and Cartinhour, Samuel and Stein, Lincoln and McCouch, Susan},
title = {Gramene: development and integration of trait and gene ontologies for rice},
journal = {Comparative and Functional Genomics},
number = {2},
pages = {132--136},
volume = {3},
year = {2002},
}

﻿@article {Dodds,
author = {Peter Dodds and John Rathjen},
title = {Plant immunity: towards an integrated view of plant-pathogen interactions},
journal = {Nature Review Genetics},
number = {},
pages = {539--548},
volume = {11},
year = {2010},
}

﻿@article {Mansfield,
author = {John Mansfield and Stpehane Genin and Shimpei Magori and Vitaly Citovsky and Malinee Sriariyanum and Pamela Ronald and et al},
title = {Top 10 plant pathogenic bacteria in molecular plant pathology},
journal = {Molecular Plant Pathology},
number = {6},
pages = {614--629},
volume = {13},
year = {2012},
}

@article{Bull2010,
author = {Bull, C T and Boer, S H De and Denny, T P and Firrao, G and Saux, M Fischer-le and Saddler, G S and Scortichini, M and Stead, D E and Takikawa, Y},
pages = {551--592},
title = {{LETTER TO THE EDITOR COMPREHENSIVE LIST OF NAMES OF PLANT PATHOGENIC BACTERIA, 1980-2007}},
volume = {92},
year = {2010}
}

@article{Wieczorek2013,
author = {Wieczorek, Authors John and B\'{a}nki, Olaf and Blum, Stan and Deck, John and D\"{o}ring, Markus and Dr\"{o}ge, Gabriele and Goldstein, Philip and Leary, Patrick and Krishtalka, Leonard and Tuama, \'{E}amonn \'{O} and Robert, J},
number = {May},
title = {{Meeting Report : GBIF hackathon-workshop on Darwin Core and sample data}},
year = {2013}
}


